
@unpublished{GaudeckerEconProjectTemplates,
  author = {Hans-Martin von Gaudecker},
  note   = {\url{https://doi.org/10.5281/zenodo.2533241}},
  title  = {Templates for Reproducible Research Projects in Economics},
  year   = {2019}
}

@article{augenblick2019experiment,
  title={An experiment on time preference and misprediction in unpleasant tasks},
  author={Augenblick, Ned and Rabin, Matthew},
  journal={Review of Economic Studies},
  volume={86},
  number={3},
  pages={941--975},
  year={2019},
  publisher={Oxford University Press}
}

@Unpublished{Gabler2021,
  Title  = {A Python Tool for the Estimation of (Structural) Econometric Models.},
  Author = {Janos Gabler},
  Year   = {2021},
  Url    = {https://github.com/OpenSourceEconomics/estimagic}
}

@Unpublished{Raabe2020,
    Title  = {A Python tool for managing scientific workflows.},
    Author = {Tobias Raabe},
    Year   = {2020},
    Url    = {https://github.com/pytask-dev/pytask}
}

@Unpublished{PozziNunnari,
    Title  = {Structural Behavioral Economics with Python and Julia},
    Author = {Nunnari, S. and Pozzi, M.},
    Year   = {2021},
    Url    = {https://github.com/MassimilianoPozzi/python_julia_structural_behavioral_economics}
}